@misc{korotas2024,
  title     = {9th Place PlantTraits2024 DinoV2 CatBoost},
  author    = {Aleksandr Korotaevskiy},
  year      = {2024},
  url       = {https://www.kaggle.com/code/korotas/9th-place-planttraits2024-dinov2-catboost},
}

@misc{DINOv2,
  title     = {DINOv2: Learning Robust Visual Features without Supervision},
  author    = {Maxime Oquab and Timothée Darcet and Théo Moutakanni and Huy Vo and Marc Szafraniec and Vasil Khalidov and Pierre Fernandez and Daniel Haziza and Francisco Massa and Alaaeldin El-Nouby and Mahmoud Assran and Nicolas Ballas and Wojciech Galuba and Russell Howes and Po-Yao Huang and Shang-Wen Li and Ishan Misra and Michael Rabbat and Vasu Sharma and Gabriel Synnaeve and Hu Xu and Hervé Jegou and Julien Mairal and Patrick Labatut and Armand Joulin and Piotr Bojanowski},
  year      = {2024},
  url       = {https://arxiv.org/abs/2304.07193#},
}

@misc{CatBoost,
  title     = {CatBoost: gradient boosting with categorical features support},
  author    = {Anna Veronika Dorogush and Vasily Ershov and Andrey Gulin},
  year      = {2018},
  url       = {https://arxiv.org/abs/1810.11363},
}
